<record><leader>00000cas a22000007a 4500</leader><controlfield tag="001">15338379</controlfield><controlfield tag="008">870318d19571971inuwr ne      0    0eng d</controlfield><datafield ind1=" " ind2=" " tag="010"><subfield code="a">sn 87055806 </subfield></datafield><datafield ind1=" " ind2=" " tag="040"><subfield code="a">NPI</subfield><subfield code="b">eng</subfield><subfield code="c">NPI</subfield><subfield code="d">OCLCQ</subfield></datafield><datafield ind1=" " ind2=" " tag="042"><subfield code="a">msc</subfield></datafield><datafield ind1="0" ind2="4" tag="245"><subfield code="a">The Weekly Russiaville observer, and the Kokomo telegraph.</subfield></datafield><datafield ind1=" " ind2=" " tag="260"><subfield code="a">Russiaville, Ind. :</subfield><subfield code="b">Tom Noble</subfield></datafield><datafield ind1=" " ind2=" " tag="310"><subfield code="a">Weekly</subfield></datafield><datafield ind1="1" ind2=" " tag="362"><subfield code="a">Began in Jan. 1957.</subfield></datafield><datafield ind1="1" ind2=" " tag="362"><subfield code="a">Ceased with Jan. 29, 1971 issue.</subfield></datafield><datafield ind1=" " ind2=" " tag="500"><subfield code="a">"Covers the quad-county news-Howard, Tipton, Carroll and Clinton Counties-like the dew."</subfield></datafield><datafield ind1=" " ind2=" " tag="588"><subfield code="a">Description based on: Vol. 110, no. 1 (Jan. 3, 1958).</subfield></datafield><datafield ind1=" " ind2=" " tag="752"><subfield code="a">United States</subfield><subfield code="b">Indiana</subfield><subfield code="c">Howard</subfield><subfield code="d">Russiaville.</subfield></datafield><datafield ind1="0" ind2="0" tag="780"><subfield code="t">Russiaville observer, Kokomo telegraph</subfield><subfield code="w">(DLC)sn 87055805</subfield></datafield></record>